@ARTICLE{Aubert2003,
  author = {G. Aubert and M. Barlaud and O. Faugeras and S. Jehan-Besson},
  title = {Image segmentation using active contours: Calculus of variations
	or shape gradients?},
  journal = {SIAM Applied Mathematics},
  year = {2003},
  volume = {63},
  pages = {2128--2154},
  number = {6}
}

@ARTICLE{Bernard2009a,
  author = {O. Bernard and D. Friboulet and P. Th$\acute{e}$venaz and M. Unser},
  title = {{Variational B-Spline Level-Set: A Linear Filtering Approach for
	Fast Deformable Model Evolution}},
  journal = {IEEE Trans. Image Process.},
  year = {2009},
  volume = {18},
  pages = {1179--1191},
  month = {June}
}

@ARTICLE{Caselles1997,
  author = {V. Caselles and R. Kimmel and G. Sapiro},
  title = {Geodesic active contours},
  journal = {Int. J. of Computer Vision},
  year = {1997},
  volume = {22},
  pages = {61--79}
}

@ARTICLE{ChanVese2001,
  author = {T. Chan and L. Vese},
  title = {Active contours without edges},
  journal = {IEEE Trans. Image Process.},
  year = {2001},
  volume = {10},
  pages = {266--277},
  month = {February}
}

@CONFERENCE{Chan2005,
  author = {T. Chan and W. Zhu},
  title = {Level set based shape prior segmentation},
  booktitle = {IEEE CVPR.},
  year = {2005},
  pages = {1164--1170}
}

@ARTICLE{Chen2002,
  author = {Y. Chen and H. D. Tagare and S. Thiruvenkadam and F. Hunag and D.
	Wilson and K. S. Gopinath and R. W. Briggs and E. A. Geiser},
  title = {Using Prior Shapes in Geometric Active Contours in a Variational
	Framework},
  journal = {Int. J. of Computer Vision},
  year = {2002},
  volume = {50},
  pages = {315--328}
}

@CONFERENCE{Cremers2003,
  author = {D. Cremers},
  title = {A Variational Framework for Image Segmentation Combining Motion Estimation
	and Shape Regularization},
  booktitle = {IEEE Conference on Computer Vision and Pattern Recognition (CVPR)},
  year = {2003}
}

@ARTICLE{Cremers2006,
  author = {D. Cremers and T. Kohlberger and C. Schnorr},
  title = {A Multiphase Dynamic Labeling Model for Variational Recognition-driven
	Image Segmentation},
  journal = {Int. J. of Computer Vision},
  year = {2006},
  volume = {66},
  pages = {67--81}
}

@ARTICLE{Cremers2005,
  author = {D. Cremers and S. Soatto},
  title = {Motion Competition: A Variational Approach to Piecewise Parametric
	Motion Segmentation},
  journal = {Int. J. of Computer Vision},
  year = {2005},
  volume = {62},
  pages = {249--265}
}

@INPROCEEDINGS{Cremers2003b,
  author = {D. Cremers and N. Sochen and C. Schnorr},
  title = {Towards recognition-based variational segmentation using shape priors
	and dynamic labeling},
  booktitle = {Int. Conf. on Scale Space Theories in Computer Vision},
  year = {2003},
  editor = {L. Griffith},
  volume = {2695 of LNCS},
  publisher = {Springer}
}

@ARTICLE{Foulonneau2006,
  author = {A. Foulonneau and P. Charbonnier and F. Heitz},
  title = {Affine-Invariant Geometric Shape Priors for Region-Based Active Contours},
  journal = {IEEE Trans. Pattern Analysis and Machine Intelligence},
  year = {2006},
  volume = {28},
  pages = {1352--1357},
  month = {August}
}

@ARTICLE{Lankton2008,
  author = {S. Lankton and A. Tannenbaum},
  title = {Localizing Region-Based Active Contours},
  journal = {IEEE Trans. Image Process.},
  year = {2008},
  volume = {17},
  pages = {2029--2039},
  month = {November}
}

@INPROCEEDINGS{Leventon2000,
  author = {M.E. Leventon and W.E.L. Grimson and O. Faugeras},
  title = {Statistical shape influence in geodesic active contours},
  booktitle = {Proc. IEEE Conf. Comp. Vision and Patt. Recog.},
  year = {2000},
  pages = {316-3-23}
}

@ARTICLE{Li2008,
  author = {C. Li and C.-Y. Kao and J. C. Gore and Z. Ding},
  title = {Minimization of Region-Scalable Fitting Energy for Image Segmentation},
  journal = {IEEE Trans. Image Process.},
  year = {2008},
  volume = {17},
  pages = {1940--1949}
}

@CONFERENCE{Papin2000,
  author = {C. Papin and P. Bouthemy and E. M\'emin and G. Rochard},
  title = {Tracking and Characterization of Highly Deformable Cloud Structures},
  booktitle = {ECCV},
  year = {2000},
  editor = {D. Vernon},
  volume = {LNCS 1843},
  pages = {428--442}
}

@INPROCEEDINGS{Rousson2002,
  author = {M. Rousson and N. Paragios},
  title = {Shape priors for level set representations},
  booktitle = {Proc. of the Europ. Conf. on Comp. Vis.},
  year = {2002},
  editor = {L. Griffith},
  pages = {78--92},
  publisher = {Springer}
}

@ARTICLE{Shi2008,
  author = {Y. Shi and W. C. Karl},
  title = {A Real-Time Algorithm for the Approximation of Level-Set Based Curve
	Evolution},
  journal = {IEEE Trans. Image Process.},
  year = {2008},
  volume = {17},
  pages = {645--656},
  month = {May}
}

@CONFERENCE{Zhang2005,
  author = {Q. Zhang and R. Pless},
  title = {Segmenting Cardiopulmonary Images Using Manifold Learning with Level
	Sets},
  booktitle = {CVBIA},
  year = {2005},
  volume = {LNCS 3765},
  pages = {479--488}
}

